@misc {twi-tutorial,
  author = "Chris Herring",
  title = "{Interrupt Driven TWI Interface for AVR (Part 1: MT/MR)}",
  year = "2014",
  url = "http://www.chrisherring.net/all/tutorial-interrupt-driven-twi-interface-for-avr-part1/"
}

@manual {at2560-ref,
  organization = "Atmel",
  title = "{Atmel ATmega640/V-1280/V-1281/V-2560/V-2561/V datasheet}",
  year = "2014"
}

@manual {at328p-ref,
  organization = "Atmel",
  title = "{Atmel ATmega328P datasheet}",
  year = "2015"
}

@manual {i2c-ref,
  organization = "Philips Semiconductors",
  title = "{The I2C-bus Specification}",
  year = "2000",
  url = "https://www.csd.uoc.gr/~hy428/reading/i2c_spec.pdf"
}

@misc {avr-libc-pwr,
  organization = "GNU Project",
  title = "{<avr/sleep.h>: Power Management and Sleep Modes}",
  url = "https://www.nongnu.org/avr-libc/user-manual/group__avr__sleep.html"
}

@misc {levy-num-analysis,
  author = "Doron Levy",
  title = "Introduction to Numerical Analysis",
  year = "2017",
  howpublished = "\url{http://math.umd.edu/~dlevy/classes/amsc460/na-notes.pdf}",
}

@misc {fondamenti2-prog,
  author = "Giuseppe De Giacomo",
  title = "Corso di Fondamenti di Informatica 2 - Progettazione del Software",
  year = "2018",
  url = "http://www.diag.uniroma1.it/~degiacom/didattica/progsoft/"
}

@book {clean-architecture,
  title     = "Clean Architecture: A Craftsman's Guide to Software Structure and Design",
  author    = "Robert C. Martin",
  year      = 2017,
  publisher = "Addison-Wesley"
}

@book {cpp-ref,
  title     = "The C++ Programming Language",
  author    = "Bjarne Stroustrup",
  year      = 2013,
  publisher = "Addison-Wesley",
  edition   = "4th"
}
